{
  "leader": "01083cam a2200325Ia 4500",
  "fields": [
    {
      "001": "ocm14901528\\"
    },
    {
      "003": "OCoLC"
    },
    {
      "005": "20211116103232.0"
    },
    {
      "008": "810820s1981\\\\\\\\fr\\a\\\\\\\\\\\\\\\\\\\\000\\0\\fre\\\\"
    },
    {
      "040": {
        "ind1": "\\",
        "ind2": "\\",
        "subfields": [
          {
            "a": "NLM"
          },
          {
            "b": "eng"
          },
          {
            "c": "NLM"
          },
          {
            "d": "OCLCQ"
          },
          {
            "d": "NLM"
          },
          {
            "d": "OCLCO"
          },
          {
            "d": "OCLCA"
          }
        ]
      }
    },
    {
      "016": {
        "ind1": "7",
        "ind2": "\\",
        "subfields": [
          {
            "a": "8107784"
          },
          {
            "2": "DNLM"
          }
        ]
      }
    },
    {
      "020": {
        "ind1": "\\",
        "ind2": "\\",
        "subfields": [
          {
            "a": "9782092991091"
          }
        ]
      }
    },
    {
      "020": {
        "ind1": "\\",
        "ind2": "\\",
        "subfields": [
          {
            "a": "2092991094"
          }
        ]
      }
    },
    {
      "035": {
        "ind1": "\\",
        "ind2": "\\",
        "subfields": [
          {
            "a": "(OCoLC)14901528"
          }
        ]
      }
    },
    {
      "060": {
        "ind1": "0",
        "ind2": "0",
        "subfields": [
          {
            "a": "BB5101"
          }
        ]
      }
    },
    {
      "082": {
        "ind1": "0",
        "ind2": "4",
        "subfields": [
          {
            "a": "610.1"
          },
          {
            "b": "GOL"
          }
        ]
      }
    },
    {
      "100": {
        "ind1": "1",
        "ind2": "\\",
        "subfields": [
          {
            "a": "Goldsmith, Edouard."
          }
        ]
      }
    },
    {
      "245": {
        "ind1": "1",
        "ind2": "3",
        "subfields": [
          {
            "a": "La me\u0301decine a\u0300 la question :"
          },
          {
            "b": "une science de la sante\u0301 au-dela\u0300 des mythes de la technique /"
          },
          {
            "c": "Edouard Goldsmith, Pierre-Marie Brunetti ; avec la collaboration de George J. Armelagos [and others]."
          }
        ]
      }
    },
    {
      "260": {
        "ind1": "\\",
        "ind2": "\\",
        "subfields": [
          {
            "a": "[Paris?] :"
          },
          {
            "b": "Nathan,"
          },
          {
            "c": "\u00a91981."
          }
        ]
      }
    },
    {
      "300": {
        "ind1": "\\",
        "ind2": "\\",
        "subfields": [
          {
            "a": "237 pages :"
          },
          {
            "b": "illustrations."
          }
        ]
      }
    },
    {
      "336": {
        "ind1": "\\",
        "ind2": "\\",
        "subfields": [
          {
            "a": "text"
          },
          {
            "b": "txt"
          },
          {
            "2": "rdacontent"
          }
        ]
      }
    },
    {
      "337": {
        "ind1": "\\",
        "ind2": "\\",
        "subfields": [
          {
            "a": "unmediated"
          },
          {
            "b": "n"
          },
          {
            "2": "rdamedia"
          }
        ]
      }
    },
    {
      "338": {
        "ind1": "\\",
        "ind2": "\\",
        "subfields": [
          {
            "a": "volume"
          },
          {
            "b": "nc"
          },
          {
            "2": "rdacarrier"
          }
        ]
      }
    },
    {
      "490": {
        "ind1": "0",
        "ind2": "\\",
        "subfields": [
          {
            "a": "Dossiers 90"
          }
        ]
      }
    },
    {
      "650": {
        "ind1": "\\",
        "ind2": "2",
        "subfields": [
          {
            "a": "Philosophy, Medical."
          }
        ]
      }
    },
    {
      "655": {
        "ind1": "\\",
        "ind2": "2",
        "subfields": [
          {
            "a": "Collected Work."
          }
        ]
      }
    },
    {
      "650": {
        "ind1": "\\",
        "ind2": "0",
        "subfields": [
          {
            "a": "Medicine"
          },
          {
            "x": "Philosophy."
          }
        ]
      }
    },
    {
      "994": {
        "ind1": "\\",
        "ind2": "\\",
        "subfields": [
          {
            "a": "Z0"
          },
          {
            "b": "NYRVC"
          }
        ]
      }
    },
    {
      "948": {
        "ind1": "\\",
        "ind2": "\\",
        "subfields": [
          {
            "h": "NO HOLDINGS IN NYRVC - 2 OTHER HOLDINGS"
          }
        ]
      }
    },
    {
      "999": {
        "ind1": "\\",
        "ind2": "\\",
        "subfields": [
          {
            "a": "00000000012063"
          }
        ]
      }
    }
  ]
}